<?xml version="1.0" encoding="UTF-8"?><record xmlns="http://www.loc.gov/MARC21/slim" xmlns:cinclude="http://apache.org/cocoon/include/1.0" xmlns:zs="http://www.loc.gov/zing/srw/">
  <leader>01404cz  a2200205n  4500</leader>
  <controlfield tag="001">n  84204090 </controlfield>
  <controlfield tag="003">DLC</controlfield>
  <controlfield tag="005">20130315091939.0</controlfield>
  <controlfield tag="008">850603n| azannaabn          |a ana      </controlfield>
  <datafield tag="010" ind1=" " ind2=" ">
    <subfield code="a">n  84204090 </subfield>
  </datafield>
  <datafield tag="035" ind1=" " ind2=" ">
    <subfield code="a">(OCoLC)oca01344975</subfield>
  </datafield>
  <datafield tag="040" ind1=" " ind2=" ">
    <subfield code="a">Wa</subfield>
    <subfield code="b">eng</subfield>
    <subfield code="e">rda</subfield>
    <subfield code="c">DLC</subfield>
    <subfield code="d">WaU</subfield>
    <subfield code="d">DLC</subfield>
  </datafield>
  <datafield tag="110" ind1="2" ind2=" ">
    <subfield code="a">University of Washington.</subfield>
    <subfield code="b">Department of Environmental Health</subfield>
  </datafield>
  <datafield tag="410" ind1="2" ind2=" ">
    <subfield code="w">nnea</subfield>
    <subfield code="a">University of Washington.</subfield>
    <subfield code="b">Dept. of Environmental Health</subfield>
  </datafield>
  <datafield tag="410" ind1="2" ind2=" ">
    <subfield code="a">University of Washington.</subfield>
    <subfield code="b">School of Public Health and Community Medicine.</subfield>
    <subfield code="b">Department of Environmental Health</subfield>
  </datafield>
  <datafield tag="510" ind1="2" ind2=" ">
    <subfield code="w">b</subfield>
    <subfield code="a">University of Washington.</subfield>
    <subfield code="b">Department of Environmental and Occupational Health Sciences</subfield>
  </datafield>
  <datafield tag="510" ind1="2" ind2=" ">
    <subfield code="w">r</subfield>
    <subfield code="i">Hierarchical superior:</subfield>
    <subfield code="a">University of Washington.</subfield>
    <subfield code="b">School of Public Health and Community Medicine</subfield>
  </datafield>
  <datafield tag="670" ind1=" " ind2=" ">
    <subfield code="a">Proceedings of Northwest On-Site ... 1976:</subfield>
    <subfield code="b">t.p. (University of Washington Departments of Civil Engineering and Environmental Health)</subfield>
  </datafield>
  <datafield tag="670" ind1=" " ind2=" ">
    <subfield code="a">Environmental health news (Seattle, Wash.), spring 1989:</subfield>
    <subfield code="b">caption (Department of Environmental Health, School of Public Health and Community Medicine, University of Washington)</subfield>
  </datafield>
  <datafield tag="670" ind1=" " ind2=" ">
    <subfield code="a">University of Washington. Dept. of Environmental and Occupational Health Sciences. Biennial report (Online), 2001/2003:</subfield>
    <subfield code="b">Who We Are (The former Department of Environmental Health officially became the Department of Environmental and Occupational Health Sciences on Feb. 1, 2003.)</subfield>
  </datafield>
</record>